@article{khder2021,
author = {Khder, Moaiad},
year = {2021},
month = {12},
pages = {145-168},
title = {Web Scraping or Web Crawling: State of Art, Techniques, Approaches and Application},
volume = {13},
journal = {International Journal of Advances in Soft Computing and its Applications},
doi = {10.15849/IJASCA.211128.11}
}

@article{leavitt2010,
author = {Leavitt, Neal},
year = {2010},
month = {03},
pages = {12 - 14},
title = {Will NoSQL databases live up to their promise?},
volume = {43},
journal = {Computer},
doi = {10.1109/MC.2010.58}
}

@article{garba2020,
author = {Garba, Musa},
year = {2020},
month = {12},
pages = {},
title = {A Comparison of NoSQL and Relational Database Management Systems (RDBMS)}
}

@article{codd1970,
author = {Codd, E.},
year = {1970},
month = {06},
pages = {377-},
title = {A Relational Model for Large Shared Data Banks},
volume = {13},
journal = {Communications of the ACM},
doi = {10.1145/362384.362685}
}

@inproceedings{aqlan2018,
author = {Aqlan, Faisal and Nwokeji, Joshua},
year = {2018},
month = {07},
pages = {},
title = {Big Data ETL Implementation Approaches: A Systematic Literature Review},
doi = {10.18293/SEKE2018-152}
}

@book{dw1992,
author = {Inmon, W.H},
year = {1992},
month = {01},
pages = {},
title = {Building the Data Warehouse}
}

@article{cai2019,
author = {Cai, Simin and Gallina, Barbara and Nyström, Dag and Seceleanu, Cristina},
year = {2019},
month = {10},
pages = {},
title = {Data aggregation processes: a survey, a taxonomy, and design guidelines},
volume = {101},
journal = {Computing},
doi = {10.1007/s00607-018-0679-5}
}

@article{mahesh2020,
  title={Machine learning algorithms-a review},
  author={Mahesh, Batta},
  journal={International Journal of Science and Research (IJSR).[Internet]},
  volume={9},
  number={1},
  pages={381--386},
  year={2020}
}

@inproceedings{shinde2018,
  title={A review of machine learning and deep learning applications},
  author={Shinde, Pramila P and Shah, Seema},
  booktitle={2018 Fourth international conference on computing communication control and automation (ICCUBEA)},
  pages={1--6},
  year={2018},
  organization={IEEE}
}

@book{raschka2019,
  title={Python machine learning: Machine learning and deep learning with Python, scikit-learn, and TensorFlow 2},
  author={Raschka, Sebastian and Mirjalili, Vahid},
  year={2019},
  publisher={Packt Publishing Ltd}
}

@inproceedings{syed2015,
  title={The software container pattern},
  author={Syed, Madiha H and Fernandez, Eduardo B and others},
  booktitle={Proceedings of the 22nd Conference on Pattern Languages of Programs},
  pages={24--26},
  year={2015}
}

@book{mouat2015,
  title={Using Docker: Developing and deploying software with containers},
  author={Mouat, Adrian},
  year={2015},
  publisher={" O'Reilly Media, Inc."}
}

@book{luksa2017,
  title={Kubernetes in action},
  author={Luksa, Marko},
  year={2017},
  publisher={Simon and Schuster}
}

@misc{airflow,
       author = "Apache",
       title = "{Página Web de Apache Airflow}",
       howpublished = "\url{https://airflow.apache.org/}",
       note = "[Último Acceso: 31 Enero 2024]"
}

@misc{dagster,
       author = "{Dagster Labs}", 
       title = "{Página Web de Dagster}",
       howpublished = "\url{https://dagster.io/}", 
       note = "[Último Acceso: 31 Enero 2024]"
}

@misc{luigi,
       author = "{Spotify}",  
       title = "{GitHub de Luigi}",
       howpublished = "\url{https://github.com/spotify/luigi}",
       note = "[Último Acceso: 31 Enero 2024]"
}

@misc{aws_step_functions,
      author = "{Amazon Web Services}",
      title = "{Página Web de AWS Step Functions}",
      howpublished = "\url{https://aws.amazon.com/es/step-functions/}",
      note = "[Último Acceso: 31 Enero 2024]"
}

@misc{scrapy,
      author = "{Scrapy Labs}",
      title = "{Página Web de Scrapy WebPage}",
      howpublished = "\url{https://scrapy.org/}",
      note = "[Último Acceso: 31 Enero 2024]"
}

@misc{scrapy_architecture,
      author = "{Scrapy Labs}",  
      title = "{Documentación de la Arquitectura de Scrapy}",
      howpublished = "\url{https://docs.scrapy.org/en/latest/topics/architecture.html}",
      note = "[Último Acceso: 31 Enero 2024]"
}

@misc{twisted,
      author = "{Twisted Labs}",  
      title = "{Página Web de Twisted WebPage}",
      howpublished = "\url{https://twisted.org/}",
      note = "[Último Acceso: 31 Enero 2024]"
}

@misc{mongodb,
      author = "{MongoDB Labs}",
      title = "{Página Web de MongoDB WebPage}",
      howpublished = "\url{https://www.mongodb.com/}",
      note = "[Último Acceso: 31 Enero 2024]"
}

@misc{sqlite,
      author = "{SQLite Labs}",
      title = "{Página Web de SQLite}",
      howpublished = "\url{https://www.sqlite.org/index.html}",
      note = "[Último Acceso: 31 Enero 2024]"
}

@misc{pandas,
      author = "{Pandas Labs}",
      title = "{Página Web de Pandas}",
      howpublished = "\url{https://pandas.pydata.org/}",
      note = "[Último Acceso: 31 Enero 2024]"
}

@misc{spark_resources,
      author = "Apache",
      title = "Spark Hardware recommendations",
      year = "2024",
      howpublished = "\url{https://spark.apache.org/docs/0.9.0/hardware-provisioning.html}",
      note = "[Último Acceso: 31 Enero 2024]"
}

@misc{react,
      author = "{Meta}",
      title = "{Página Web de React}",
      howpublished = "\url{https://es.react.dev/}",
      note = "[Último Acceso: 31 Enero 2024]"
}


@misc{react_components,
      author = "{Meta}",  
      title = "{Documentación sobre Componentes de React}",
      howpublished = "\url{https://react.dev/reference/react/Component}",
      note = "[Último Acceso: 1 Febrero 2024]"
}

@misc{nodejs,
      author = "{Node.js Labs}",  
      title = "{Página Web de Node.js}",
      year = "2024",
      howpublished = "\url{https://nodejs.org/en}",
      note = "[Último Acceso: 1 Febrero 2024]"
}

@misc{express,
      author = "{Express Labs}",
      title = "{Página Web de Express WebPage}",
      howpublished = "\url{https://expressjs.com/es/}",
      note = "[Último Acceso: 1 Febrero 2024]"
}

@misc{dockercompose,
      author = "{Docker Labs}",
      title = "{Documentación sobre Docker Compose documentation}",
      howpublished = "\url{https://docs.docker.com/compose/}",
      note = "[Último Acceso: 1 Febrero 2024]"
}

@misc{oraclecompute,
      author = "Oracle",
      title = "{Documentación sobre Oracle Cloud Compute}",
      year = "2024",
      howpublished = "\url{https://www.oracle.com/cloud/compute/}",
      note = "[Último Acceso: 1 Febrero 2024]"
}

@misc{jupyter,
      author = "{Jupyter Labs}",
      title = "{Página Web de Jupyter Notebooks}",
      howpublished = "\url{https://jupyter.org/}",
      note = "[Último Acceso: 1 Febrero 2024]"
}

@misc{ebs_pricing,
      author = "{Amazon Web Services}",
      title = "{Precios oficiales de EBS Volume Storage}",
      year = "2024",
      howpublished = "\url{https://aws.amazon.com/ebs/pricing/}",
      note = "[Último Acceso: 8 Febrero 2024]"
}

@misc{gnu,
        author = "{GNU}",
	title="{How to choose a license for your own work}",
	howpublished="\url{https://www.gnu.org/licenses/license-recommendations.en.html}",
    note = "[Último Acceso: 8 Febrero 2024]"
}

@misc{gpl3,
        author = "{GNU}",
	title="{GNU General Public License v3.0}",
	howpublished="\url{https://www.gnu.org/licenses/gpl-3.0.en.html}",
    note = "[Último Acceso: 8 Febrero 2024]"
}

@misc{pisosrobotstxt,
        author = "{Pisos.com}",
	title="{Archivo robots.txt del Portal pisos.com}",
	howpublished="\url{https://www.pisos.com/robots.txt}",
    note = "[Último Acceso: 8 Febrero 2024]"
}

@misc{vite,
      author = "{Vite Labs}",
      title = "{Documentación sobre Vite React}",
      howpublished = "\url{https://vitejs.dev/guide/}",
      note = "[Último Acceso: 17 Febrero 2024]"
}

@misc{beautiful_soup,
      author = "{Beautiful Soup Labs}",
      title = "{Documentación sobre Beautiful Soup}",
      howpublished = "\url{https://www.crummy.com/software/BeautifulSoup/bs4/doc/}",
      note = "[Último Acceso: 22 Febrero 2024]"
}

@misc{selenium,
      author = "{Selenium Labs}",
      title = "{Documentación sobre Selenium}",
      howpublished = "\url{https://selenium-python.readthedocs.io/}",
      note = "[Último Acceso: 22 Febrero 2024]"
}

@misc{idealista_study,
      author = "Idealista",  
      title = "{Análisis del mercado inmobiliario de 2023}",
      year = "2023",
      howpublished = "\url{https://www.idealista.com/news/inmobiliario/vivienda/2023/11/30/809560-el-analisis-del-mercado-inmobiliario-en-2023-y-que-se-preve-para-2024}",
      note = "[Último Acceso: 17 Febrero 2024]"
}


@article{scikit-learn,
  title={Scikit-learn: Machine Learning in {P}ython},
  author={Pedregosa, F. and Varoquaux, G. and Gramfort, A. and Michel, V.
          and Thirion, B. and Grisel, O. and Blondel, M. and Prettenhofer, P.
          and Weiss, R. and Dubourg, V. and Vanderplas, J. and Passos, A. and
          Cournapeau, D. and Brucher, M. and Perrot, M. and Duchesnay, E.},
  journal={Journal of Machine Learning Research},
  volume={12},
  pages={2825--2830},
  year={2011}
}


@article{chauhan2019,
  title={A review on various aspects of MongoDb databases},
  author={Chauhan, Anjali},
  journal={Int. J. Eng. Res. Sci. Technol},
  volume={8},
  number={5},
  pages={90--92},
  year={2019}
}

@article{dags,
  title={Airflow directed acyclic graph},
  author={Shubha, B and Prasad, A},
  journal={J Signal Process},
  volume={5},
  number={2}
}

@article{chai2014,
  title={Root mean square error (RMSE) or mean absolute error (MAE)},
  author={Chai, Tianfeng and Draxler, Roland R},
  journal={Geoscientific model development discussions},
  volume={7},
  number={1},
  pages={1525--1534},
  year={2014}
}

@article{merkel2014docker,
  title={Docker: lightweight linux containers for consistent development and deployment},
  author={Merkel, Dirk},
  journal={Linux journal},
  volume={2014},
  number={239},
  pages={2},
  year={2014}
}

@article{nginx,
  title={Nginx: the high-performance web server and reverse proxy},
  author={Reese, Will},
  journal={Linux Journal},
  volume={2008},
  number={173},
  pages={2},
  year={2008},
  publisher={Belltown Media Houston, TX}
}

@article{baldominos2018,
  title={Identifying real estate opportunities using machine learning},
  author={Baldominos, Alejandro and Blanco, Iv{\'a}n and Moreno, Antonio Jos{\'e} and Iturrarte, Rub{\'e}n and Bern{\'a}rdez, {\'O}scar and Afonso, Carlos},
  journal={Applied sciences},
  volume={8},
  number={11},
  pages={2321},
  year={2018},
  publisher={MDPI}
}

@inproceedings{niu2019,
  title={An intelligent automatic valuation system for real estate based on machine learning},
  author={Niu, Jiafei and Niu, Peiqing},
  booktitle={Proceedings of the international conference on artificial intelligence, information processing and cloud computing},
  pages={1--6},
  year={2019}
}